@inproceedings{king2006oakland,
 title = {{SubVirt: Implementing Malware with Virtual Machines}},
 author = "Sam T. King and Peter M. Chen and Yi-Min Wang and Chad Verbowski and Helen J. Wang and Jacob R. Lorch",
 booktitle = "Proceedings of the IEEE Symposium on Security and Privacy",
 month = "May",
 year = "2006"
}

@techreport{locasto2006lugrind,
  author = "Michael E. Locasto and Angelos Stavrou and Gabriela F. Cretu and Salvatore J. Stolfo and Angelos D. Keromytis",
  title = {{Quantifying Application Behavior Space for Detection and Self-Healing}},
  number = {CUCS-017-06},
  institution = "Columbia University",
  year = "2006"
}

@inproceedings{gao2004graybox,
  title = {{Gray-Box Extraction of Execution Graphs for Anomaly Detection}},
  author = "Debin Gao and Michael K. Reiter and Dawn Song",
  booktitle = "Proceedings of the ACM Conference on Computer and Communications Security (CCS)",
  year = "2004"
}

@article{hofmeyr1998seqsyscall,
   title = {{Intrusion Detection System Using Sequences of System Calls}},
   author = "S. A. Hofmeyr and Anil Somayaji and S. Forrest",
   journal = "Journal of Computer Security",
   volume = "6",
   number = "3",
   pages = {151--180},
   year = "1998"
}

@inproceedings{wagner2002mimicry,
  title = {{Mimicry Attacks on Host-Based Intrusion Detection Systems}},
  author = "David Wagner and Paolo Soto",
  booktitle = "Proceedings of the ACM Conference on Computer and Communications Security (CCS)",
  year = "2002"
}

@inproceedings{feng2003adcallstack,
  title = {{Anomaly Detection Using Call Stack Information}},
  author = "Henry H. Feng and Oleg Kolesnikov and Prahlad Fogla and Wenke Lee and Weibo Gong",
  booktitle = "Proceedings of the 2003 IEEE Symposium on Security and Privacy",
  month = "May",
  year = "2003"
}

@inproceedings{giffen2005raid,
  title = {{Environment-Sensitive Intrusion Detection}},
  author = "Jonathon T. Giffin and David Dagon and Somesh Jha and Wenke Lee and Barton P. Miller",
  booktitle = "Proceedings of the $8^{th}$ International Symposium on Recent Advances in Intrusion Detection (RAID)",
  month = "September",
  days = {7--9},
  year = "2005"
}

@inproceedings{bhatkar2006oakland,
  author = "Sandeep Bhatkar and Abhishek Chaturvedi and R. Sekar.",
  title = {{Dataflow Anomaly Detection}},
  booktitle = "Proceedings of the IEEE Symposium on Security and Privacy",
  year = "2006"
}

@inproceedings{sidiroglou2005dyboc,
  author = "Stelios Sidiroglou and Giannis Giovanidis and Angelos D. Keromytis",
  title = {{A Dynamic Mechanism for Recovering from Buffer Overflow Attacks}},
  booktitle = "Proceedings of the $8^{th}$ Information Security Conference (ISC)",
  pages = {1--15},
  month = "September",
  year = "2005"
}

@inproceedings{ross2005browserpasswd,
  title = {{Stronger Password Authentication Using Browser Extensions}},
  author = "Blake Ross and Collin Jackson and Nick Miyake and Dan Boneh and John C. Mitchell",
  booktitle = "Proceedings of the $14^{th}$ USENIX Security Symposium.",
  pages = {17--32},
  city = "Baltimore",
  state = "Maryland",
  month = "August",
  year = "2005"
}

@inproceedings{stavrou2006webcrypt,
 title = {{W3Bcrypt: Encryption as a Stylesheet}},
 author = "Angelos Stavrou and Michael E. Locasto and Angelos D. Keromytis",
 booktitle = "Proceedings of the $4^{th}$ Applied Cryptography and Network Security Conference (ACNS)",
 pages = {0--1},
 month = "June",
 year = "2006"
}

@inproceedings{domino,
  author = "V. Yegneswaran and P. Barford and S. Jha",
  title = {{Global Intrusion Detection in the DOMINO Overlay System}},
  booktitle = "ISOC Symposium on Network and Distributed Systems Security",
  year = "2004",
  month = "February"
}

@inproceedings{kruegel01decentralized,
  author = "C. Krugel and T. Toth and C. Kerer",
  title = {{Decentralized Event Correlation for Intrusion Detection}},
  booktitle = {Proceedings of the International Conference on Information Security and Cryptology (ICISC)},
  month = "December",
  year = 2001
}

@inproceedings{du2001smc,
  title = {{Secure Multi-Party Computation Problems and their Applications}},
  author = "Wenliang Du and Mikhail J. Atallah",
  booktitle = "Proceedings of the New Security Paradigms Workshop", 
  pages = {11--20},
  month = "September",
  year = "2001"
}

@inproceedings{robertson2006anomalyweb,
  author = "William Robertson and Giovanni Vigna and Christopher Kruegel and Richard A. Kemmerer",
  title = {{Using Generalization and Characterization Techniques in the Anomaly-based Detection of Web Attacks}},
   booktitle = "Proceedings of the $13^{th}$ Symposium on Network and Distributed System Security (NDSS)",
  month = "February",
  year = "2006"
}

@inproceedings{liang2005covers,
  author = "Zhenkai Liang and R. Sekar",
  title = {{Fast and Automated Generation of Attack Signatures: A Basis for Building Self-Protecting Servers}},
  booktitle = "Proceedings of the $12^{th}$ ACM Conference on Computer and Communications Security (CCS)",
  month = "November",
  year = "2005"
}

@inproceedings{xu2005siggen,
  author = "Jun Xu and Peng Ning and Chongkyung Kil and Yan Zhai and Chris Bookholt",
  title = {{Automatic Diagnosis and Response to Memory Corruption Vulnerabilities}},
  booktitle = "Proceedings of the $12^{th}$ ACM Conference on Computer and Communications Security (CCS)",
  month = "November",
  year = "2005"
}

@inproceedings{wespi2002ape,
  title = {{Accurate Buffer Overflow Detection via Abstract Payload Execution}},
  author = "Thomas Toth and Christopher Kruegel",
  booktitle = "Proceedings of the $5^{th}$ International Symposium on Recent Advances in Intrusion Detection (RAID)",
  pages = {274--291},
  month = "October",
  days = {16--18},
  year = "2002"
}

@inproceedings{polygraph,
  author = "James Newsome and B. Karp and Dawn Song",
  title = {{Polygraph: Automatically Generating Signatures for Polymorphic Worms}},
  booktitle = "Proceedings of the IEEE Symposium on Security and Privacy",
  month = "May",
  year = "2005"
}

@inproceedings{crandall2005ccs,
  title = {{On Deriving Unknown Vulnerabilities from Zero-Day Polymorphic and Metamorphic Worm Exploits}},
  author = "Jedidiah R. Crandall and Zhendong Su and S. Felix Wu and Frederic T. Chong",
  booktitle = "Proceedings of the $12^{th}$ ACM Conference on Computer and Communications Security (CCS)",
  month = "November",
  year = "2005"
}

@book{youngandyung,
   title = {{Malicious Cryptography: Exposing Cryptovirology}},
   author = "Adam Young and Moti Yung",
   publisher = "John Wiley and Sons",
   isbn = "0-7645-4975-8",
   month = "February",
   year = "2004"
}

@inproceedings{wang2004shield,
 author = "Helen J. Wang and Chuanxiong Guo and Daniel R. Simon and Alf Zugenmaier",
 title = {{Shield: Vulnerability-Driven Network Filters for Preventing Known Vulnerability Exploits}},
 booktitle = "ACM SIGCOMM",
 month = "August",
 year = "2004"
}

@inproceedings{lam2004extractpolicy,
 author = "Lap Chung Lam and Tzi-cker Chiueh", 
 title = {{Automatic Extraction of Accurate Application-Specific Sandboxing Policy}},
 booktitle = "Proceedings of the $7^{th}$ International Symposium on Recent Advances in Intrusion Detection",
 city = "Sophia Antipolis",
 country = "France",
 month = "September",
 year = "2004"
}

@techreport{w3bcrypt,
  author = "Angelos Stavrou and Michael E. Locasto and Angelos D. Keromytis",
  title = {{W3BCrypt: Encryption as a Stylesheet}},
  number = {CUCS-003-06},
  institution = "Columbia University",
  year = "2006"
}

@techreport{locasto2006sev,
  author = "Michael E. Locasto and Angelos D. Keromytis",
  title = {{Binary Level Function Profiling for Intrusion Detection and Smart Error Virtualization}},
  number = {CUCS-002-06},
  institution = "Columbia University",
  year = "2006"
}

@article{stolfo2005rad,
   title = {{A Comparative Evaluation of Two Algorithms for Windows Registry Anomaly Detection}},
   author = "Salvatore J. Stolfo and Frank Apap and Eleazar Eskin and Katherine Heller and Shlomo Hershkop and Andrew Honig and Krysta Svore",
   journal = "Journal of Computer Security",
   volume = "13",
   number = "4",
   year = "2005"
}

@inproceedings{bui2005pad,
   title = {{Unsupervised Anomaly Detection in Computer Security and an Application to File System Access}},
   author = "L. Bui and S. Hershkop and S. Stolfo",
   booktitle = "Proceedings of ISMIS",
   year = "2005"
}

@inproceedings{rx2005sosp,
 author = "Feng Qin and Joseph Tucek and Jagadeesan Sundaresan and Yuanyuan Zhou",
 title = {{Rx: Treating Bugs as Allergies -- A Safe Method to Survive Software Failures}},
 booktitle = "Proceedings of the Symposium on Systems and Operating
 Systems Principles (SOSP)",
  month = {October},
 year = "2005"
}

@inproceedings{costa2005vigilanteSOSP,
 author = "Manuel Costa and Jon Crowcroft and Miguel Castro and Antony Rowstron",
 title = {{Vigilante: End-to-End Containment of Internet Worms}},
 booktitle = "Proceedings of the Symposium on Systems and Operating
 Systems Principles (SOSP)",
 month = {October},
 year = "2005"
}

@inproceedings{lam2005cash,
 author = "Lap-chung Lam and Tzi-cker Chiueh",
 title = {{Checking Array Bounds Violation with Segmentation Hardware}},
 booktitle = "Proceedings of the 2005 International Conference on Dependable Systems and Networks (DSN 2005)",
 month = "June",
 year = "2005"
}

@inproceedings{luk2005pin,
 author = "Chi-Keung Luk and Robert Cohn and Robert Muth and Harish Patil and Artur Klauser and Geoff Lowney and Steven Wallace and Vijay Janapa Reddi and Kim Hazelwood.",
 title ={{Pin: Building Customized Program Analysis Tools with Dynamic Instrumentation}},
 booktitle = "Proceedings of Programming Language Design and Implementation (PLDI)", 
 city = "Chicago",
 state = "IL", 
 month = "June",
 year = "2005"
}

@inproceedings{lincoln2004sharing,
  title = {{Privacy-Preserving Sharing and Correlation of Security Alerts}},
  author = "Patrick Lincoln and Phillip A. Porras and Vitaly Shmatikov",
  booktitle = "Proceedings of the USENIX Security Symposium",
  year = "2004",
  pages = {239-254}
}

@inproceedings{malan2005p2pwormdetection,
 author = "David J. Malan and Michael D. Smith",
 title = {{Host-Based Detection of Worms through Peer-to-Peer Cooperation}},
 booktitle = "Proceedings of the $3^{rd}$ ACM Workshop on Rapid Malcode (WORM)",
 month = "November",
 year = "2005"
}

@inproceedings{ma2005selfstopworm,
 author = "Justin Ma and Geoffrey M. Voelker and Stefan Savage",
 title = {{Self-Stopping Worms}},
 booktitle = "Proceedings of the $3^{rd}$ ACM Workshop on Rapid Malcode (WORM)",
 month = "November",
 year = "2005"
}

@techreport{locasto2005thesisproposal,
  author = "Michael E. Locasto",
  title = {{Micro-speculation, Micro-sandboxing, and Self-Correcting Assertions: Support for Self-Healing Software and Application Communities}},
  number = {CUCS-048-05},
  institution = "Columbia University",
  year = "2005"
}

@inproceedings{locasto2006ndss,
 title = {{Software Self-Healing Using Collaborative Application Communities.}},
 author = "Michael E. Locasto and Stelios Sidiroglou and Angelos D. Keromytis",
 booktitle = "Proceedings of the $13^{st}$ Symposium on Network and Distributed System Security (NDSS)",
 pages = {95--106},
 month = "February",
 year = "2006"
}

@inproceedings{cui2006replay,
 title = {{Protocol-Independent Adatpive Replay of Application Dialog}},
 author = "Weidong Cui and Vern Paxson and Nicholas C. Weaver and Randy H. Katz",
 booktitle = "Proceedings of the $13^{st}$ Symposium on Network and Distributed System Security (NDSS)",
 month = "February",
 year = "2006"
}

@inproceedings{newsome2006ndss,
 title = {{Vulnerability--Specific Execution Filtering for Exploit Prevention on Commodity Software.}},
 author = "James Newsome and David Brumley and Dawn Song",
 booktitle = "Proceedings of the $13^{st}$ Symposium on Network and Distributed System Security (NDSS)",
 month = "February",
 year = "2006"
}

@misc{xmlencryption,
  title = {{XML Encryption Syntax and Processing}},
  author = "Takeshi Imamura and Blair Dillaway and Ed Simon",
  howpublished = {\url{http://www.w3.org/TR/xmlenc-core/}},
  year = "2002"
}

@misc{xmlencryptionreq,
  title = {{Specification of Element-wise XML Encryption}},
  author = "Takeshi Imamura and Hiroshi Maruyama",
  howpublished = {\url{http://lists.w3.org/Archives/Public/xml-encryption/2000Aug/att-0005/xmlenc-spec.html}},
  year = "2000"
}

@misc{elementwisexml2000,
  title = {{Element-Wise XML Encryption}},
  author = "Hiroshi Maruyama and Takeshi Imamura",
  howpublished = {\url{http://lists.w3.org/Archives/Public/xml-encryption/2000Apr/att-0005/01-xmlenc}},
  year = "2000"
}

@inproceedings{sekar2001mcc,
  title = {{Model-Carrying Code (MCC): A New Paradigm for Mobile-Code Security}},
  author = "R. Sekar and C.R. Ramakrishnan and I.V. Ramakrishnan and S.A. Smolka",
  booktitle = "Proceedings of the New Security Paradigms Workshop (NSPW)",
  month = "September",
  year = "2001"
}

@misc{p3p,
  title = {{Platform for Privacy Preferences (P3P) Project}},
  author = "Rigo Wenning et al.",
  howpublished = {\url{http://www.w3.org/P3P/}},
  month = "September",
  year = "2005"
}

@misc{gregorio2005greasemonkey,
  title = {{Secure RSS Syndication}},
  author = "Joe Gregorio",
  howpublished = {\url{http://www.xml.com/pub/a/2005/07/13/secure-rss.html}},
  month = "July",
  day = "13",
  year = "2005"
}

@inproceedings{sws2002trustedpath,
  title = {{Trusted Paths for Browsers}},
  author = "Zishuang Ye and Sean Smith",
  booktitle = "Proceedings of the $11^{th}$ USENIX Security Symposium",
  month = "August",
  year = "2002"
}

@inproceedings{ioannidis2001securebrowser,
  title = {{Building a Secure Web Browser}},
  author = "Sotiris Ioannidis and Steven M. Bellovin",
  booktitle = "Freenix Annual Technical Conference (USENIX 2001)",
  month = "June",
  year = "2001"
}

@inproceedings{gupta2004elliptic,
  title = {{Speeding Up Secure Web Transactions Using Elliptic Curve Cryptography}},
  author = "Vipul Gupta and Douglas Stebila and Stephen Fung and Sheueling Chang Shantz and Nils Gura and Hans Eberle",
  booktitle = "$11^{th}$ Annual Network and Distributed System Security Symposium (NDSS)",
  month = "August",
  year = "2004"
}

@inproceedings{dean2001puzzles,
  title = {{Using Client Puzzles to Protect TLS}},
  author = "Drew Dean and Adam Stubblefield",
  booktitle = "Proceedings of the $10^{th}$ USENIX Security Symposium",
  month = "August",
  year = "2001"
}

@inproceedings{coarfa2002tlsperf,
  title = {{Performance Analysis of TLS Web Servers}},
  author = "Cristian Coarfa and Peter Druschel and Dan S. Wallach",
  booktitle = "$9^{th}$ Annual Network and Distributed System Security Symposium (NDSS)",
  month = "February",
  year = "2002"
}

@inproceedings{lesniewski2003splitting,
  title = {{SSL Splitting: Securely Serving Data From Untrusted Caches}},
  author = "Chris Lesniewski-Laas and M. Frans Kaashoek",
  booktitle = "Proceedings of the $12^{th}$ USENIX Security Symposium",
  month = "August",
  year = "2003"
}

@inproceedings{brumley2003remotetiming,
  title = {{Remote Timing Attacks Are Practical}},
  author = "David Brumley and Dan Boneh",
  booktitle = "Proceedings of the $12^{th}$ USENIX Security Symposium",
  month = "August",
  year = "2003"
}

@inproceedings{spoofguard,
  title = {{Client--side Defense Against Web--based Identity Theft}},
  author = "Neil Chou and Robert Ledesma and Yuka Teraguchi and John C. Mitchell",
  booktitle = "$11^{th}$ Annual Network and Distributed System Security Symposium (NDSS)",
  month = "February",
  year = "2004"
}

@inproceedings{rescorla2002sslacc,
  title = {{SSLACC: A Clustered SSL Accelerator}},
  author = "Eric Rescorla and Adam Cain and Brian Korver",
  booktitle = "Proceedings of the $11^{th}$ USENIX Security Symposium",
  month = "August",
  year = "2002"
}

@inproceedings{bauer2002access,
  title = {{A General and Flexible Access--Control System for the Web}},
  author = "Lujo Bauer and Michael A. Schneider and Edward W. Felten",
  booktitle = "Proceedings of the $11^{th}$ USENIX Security Symposium",
  month = "August",
  year = "2002"
}

@inproceedings{anupam1998scripting,
  title = {{Security of Web Browser Scripting Languages: Vulnerabilities, Attacks, and Remedies}},
  author = "Vinod Anupam and Alain Mayer",
  booktitle = "Proceedings of the $7^{th}$ USENIX Security Symposium",
  month = "January",
  year = "1998"
}

@article{kuperman2005acm,
 title = {{Detection and Prevention of Stack Buffer Overflow Attacks}},
 author = "Benjamin A. Kuperman and Carla E. Brodley and Hilmi Ozdoganoglu and T. N. Vijaykumar and Ankit Jalote",
 journal = "Communications of the ACM",
 volume = "48",
 number = "11",
 pages = {51--56},
 month = "November",
 year = "2005"
}

@inproceedings{sailer2004tcg,
  author = "Reiner Sailer and Xiaolan Zhang and Trent Jaeger and Leendert van Doorn",
  title = {{Design and Implementation of a TCG-based Integrity Measurement Architecture}}, 
  booktitle = "$13^{th}$ USENIX Security Symposium",
  pages = {223--238}
}

@inproceedings{ba2004copilot,
   title = {{Copilot -- a Coprocessor-based Kernel Runtime Integrity Monitor}},
   author = "Nick L. Petroni and Timothy Fraser and Jesus Molina and William A. Arbaugh",
   booktitle = "$13^{th}$ USENIX Security Symposium",
   pages = {179--194}
}

@inproceedings{li2005pulse,
 title = {{Pulse: A Dynamic Deadlock Detection Mechanism Using Speculative Execution}},
 author = "Tong Li and Carla S. Ellis and Alvin R. Lebeck and Daniel J. Sorin",
 booktitle = "Proceedings of the USENIX ATC",
 pages = {31-44},
 month = "April",
 year = "2005"
}

@inproceedings{locasto2005svv,
  title = {{Speculative Virtual Verification: Policy-Constrained Speculative Execution}},
  author = "Michael E. Locasto and Stelios Sidiroglou and Angelos D. Keromytis",
  booktitle = "Proceedings of the $14^{th}$ New Security Paradigms Workshop (NSPW)",
  city = "Lake Arrowhead",
  state = "California",
  pages = {119--124},
  month = "September",
  days = {20--23},
  year = "2005"
}

@misc{subterfugue,
 author = "",
 title = {{The SUBTERFUGUE Project}},
 howpublished = {\url{http://subterfugue.org/}},
 month = "April",
 year = "2002"
}

@misc{symantecreport2004,
  author = "Dean Turner and Stephen Entwisle",
  title = {{Symantec Internet Security Threat Report}},
  howpublished={\url{http://enterprisesecurity.symantec.com/content.cfm?articleid=1539}},
  month = "September",
  year = "2004"
}

@inproceedings{gao2005behavioraldistance,
  title = {{Behavioral Distance for Intrusion Detection}},
  author = "Debin Gao and Michael K. Reiter and Dawn Song",
  booktitle = "Proceedings of the $8^{th}$ International Symposium on Recent Advances in Intrusion Detection (RAID)",
  pages = {63--81},
  month = "September",
  days = {7--9},
  year = "2005"
}

@inproceedings{locasto2005flips,
  title = {{FLIPS: Hybrid Adaptive Intrusion Prevention}},
  author = "Michael E. Locasto and Ke Wang and Angelos D. Keromytis and Salvatore J. Stolfo",
  booktitle = "Proceedings of the $8^{th}$ International Symposium on Recent Advances in Intrusion Detection (RAID)",
  pages = {82--101},
  month = "September",
  days = {7--9},
  year = "2005"
}

@inproceedings{hong2005tcpopera,
  title = {{On Interactive Internet Traffic Replay}},
  author = "Seung-Sun Hong and S. Felix Wu",
  booktitle = "Proceedings of the $8^{th}$ International Symposium on Recent Advances in Intrusion Detection (RAID)",
  pages = {247--264},
  month = "September",
  days = {7--9},
  year = "2005"
}

@inproceedings{chinchani2005exploitflows,
  title = {{A Fast Static Analysis Approach to Detect Exploit Code Inside Network Flows}},
  author = "Ramkumar Chinchani and Eric Van Den Berg",
  booktitle = "Proceedings of the $8^{th}$ International Symposium on Recent Advances in Intrusion Detection (RAID)",
  pages = {284--304},
  month = "September",
  days = {7--9},
  year = "2005"
}

@inproceedings{krugel2005raid,
  title = {{Polymorphic Worm Detection Using Structural Information of Executables}},
  author = "Christopher Krugel and Engin Kirda and Darren Mutz and William Robertson and Giovanni Vigna",
  booktitle = "Proceedings of the $8^{th}$ International Symposium on Recent Advances in Intrusion Detection (RAID)",
  pages = {207--226},
  month = "September",
  days = {7--9},
  year = "2005"
}

@inproceedings{locasto2005iaw,
 title = {{Towards Collaborative Security and P2P Intrusion Detection}},
 author = "Michael E. Locasto and Janak J. Parekh and Angelos D. Keromytis and Salvatore J. Stolfo",
 booktitle = "Proceedings of the IEEE Information Assurance Workshop (IAW)",
 city = "West Point",
 state = "New York",
 month = "June",
 year = "2005"
}

@inproceedings{anagnostakis2005replay,
  title = {{Detecting Targeted Attacks Using Shadow Honeypots}},
  author = "Kostas G. Anagnostakis and Stelios Sidiroglou and Periklis Akritidis and Konstantinos Xinidis and Evangelos Markatos and Angelos D. Keromytis",
  booktitle = "Proceedings of the $14^{th}$ USENIX Security Symposium.",
  city = "Baltimore",
  state = "Maryland",
  month = "August",
  year = "2005"
}

@inproceedings{locasto2005monodep,
 title = {{Application Communities: Using Monoculture for Dependability}},
 author = "Michael E. Locasto and Stelios Sidiroglou and Angelos D. Keromytis",
 booktitle = "Proceedings of the $1^{st}$ Workshop on Hot Topics in System Dependability (HotDep-05)",
 month = "June",
 year = "2005"
}

@inproceedings{toth2002payloadexec,
  title = {{Accurate Buffer Overflow Detection via Abstract Payload Execution}},
  author = "Thomas Toth and Christopher Kruegel",
  booktitle = "Proceedings of the Symposium on Recent Advances in Intrusion Detection (RAID)",
  year = "2002"
}

@inproceedings{cuppens2002coop,
	author= "Frederic Cuppens and Alexandre Miege",
	title = {{Alert Correlation in a Cooperative Intrusion Detection Framework}},
	booktitle = "IEEE Security and Privacy",
	year = "2002"
}

@article{stolfo2004ieeesp,
   title = {{Worm and Attack Early Warning: Piercing Stealthy Reconnaissance}},
   author = "S. Stolfo",
   journal = "IEEE Privacy and Security",
   editor = "Saydjari",
   volume =        "",
   number =        "",
   month =         "May/June",
   year =          "2004",
   pages =         "",
   comment = "On the Horizon"
}

@inproceedings{overill1998question,
 title = {{How Re(Pro)active Should an IDS Be?}},
 author = "Richard E. Overill",
 booktitle = "Proceedings of the $1^{st}$ International Workshop on Recent Advances in Intrusion Detection (RAID)",
 month = "September",
 year = "1998"
}

@inproceedings{liang2005usenix,
 title ={{Automatic Synthesis of Filters to Discard Buffer Overflow Attacks: A Step Towards Realizing Self-Healing Systems}},
 author = "Zhenkai Liang and R. Sekar and D. C. DuVarney",
 booktitle = "Proceedings of the USENIX Annual Technical Conference (to appear)",
 year = "2005"
}

@inproceedings{singh2004wormfingerprint,
 title = {{Automated Worm Fingerprinting}},
 author = "Sumeet Singh and Cristian Estan and George Varghese and Stefan Savage",
 booktitle = "Proceedings of Symposium on Operating Systems Design and Implementation (OSDI)",
 year = "2004"
}

@techreport{okpw2004,
 title = {{Advanced Polymorphic Worms: Evading IDS by Blending in with Normal Traffic}},
 author = "Aleg Kolesnikov and Wenke Lee",
 booktitle = "Georgia Tech Computer Science Technical Report",
 institution = "Georgia Tech College of Computing",
 year = "2004"
}

@inproceedings{kim2004autograph,
 title = {{Autograph: Toward Automated, Distributed Worm Signature Detection}},
 author = "Hyang-Ah Kim and Brad Karp",
 booktitle = "Proceedings of the USENIX Security Conference",
 month = {August},
 year = "2004"
}

@inproceedings{stig2004analysis,
 title = {{Network-based Buffer Overflow Detection by Exploit Code Analysis}},
 author = "Andersson Stig and Andrew Clark and George Mohay",
 booktitle = "AusCERT Conference",
 month = "May",
 year = "2004"
}

@inproceedings{krugel2002anomaly,
 title = {{Service Specific Anomaly Detection for Network Intrusion Detection}},
 author = "Christopher Krugel and Thomas Toth and Engin Kirda",
 booktitle = "Proceedings of the ACM Symposium on Applied Computing (SAC)",
 year = "2002"
}

@inproceedings{rabek2003dome,
 title = {{Detection of Injected, Dynamically Generated, and Obfuscated Malicious Code}},
 author = "Jesse C. Rabek and Roger I. Khazan and Scott M. Lewandowski and Robert K. Cunningham",
 booktitle = "Proceedings of the Workshop on Rapid Malcode (WORM)",
 year = "2003"
}

@article{suh2004,
 author = {G. Edward Suh and Jae W. Lee and David Zhang and Srinivas Devadas},
 title = {{Secure Program Execution Via Dynamic Information Flow Tracking}},
 journal = {SIGOPS Oper. Syst. Rev.},
 volume = {38},
 number = {5},
 year = {2004},
 issn = {0163-5980},
 pages = {85--96},
 doi = {http://doi.acm.org/10.1145/1037949.1024404},
 publisher = {ACM Press},
}

@inproceedings{dynamictaint2005,
  author = {J. Newsome and D. Song},
  title = {{Dynamic Taint Analysis for Automatic Detection, Analysis, and
  Signature Generation of Exploits on Commodity Software}},
  booktitle = {The $12^{th}$ Annual Network and Distributed System Security Symposium },
  year = 2005,
  month = {February}
}

@inproceedings{dira2005,
  author = {A. Smirnov and T. Chiueh},
  title = {{DIRA: Automatic Detection, Identification, and Repair of Control-Hijacking Attacks}},
  booktitle = {The $12^{th}$ Annual Network and Distributed System Security Symposium},
  year = 2005,
  month = {February}
}

@inproceedings{sommer2003sigcontext,
  title = {{Enhancing Byte-Level Network Intrusion Detection Signatures with Context}},
  author = "R. Sommer and Vern Paxson",
  booktitle = "Proceedings of the ACM Conference on Computer and Communications Security (CCS)",
  pages = {262--271},
  year = "2003"
}

@inproceedings{king2005camera,
 title = {{Enriching Intrusion Alerts Through Multi-host Causality}},
 author = "Samuel T. King and Z. Morley Mao and Dominic G. Lucchetti and Peter M. Chen",
 booktitle = "Proceedings of the Symposium on Network and Distributed Systems Security (NDSS)",
 year = "2005"
}

@inproceedings{learning2002,
  title = {{Learning Unknown Attacks -- A Start}},
  booktitle = {Proceedings of the $5^{th}$ International Symposium on Recent Advances in Intrusion Detection (RAID)},
  author = {J. E. Just and L. A. Clough and M. Danforth and K. N. Levitt and R. Maglich and J. C. Reynolds and J. Rowe},
  month = {October},
  year = 2002
}

@inproceedings{stelios2005emailworm,
  title = {{An Email Worm Vaccine Architecture}},
  author = "Stelios Sidiroglou and John Ioannidis and Angelos D. Keromytis and Salvatore J. Stolfo",
  booktitle = "Proceedings of the $1^{st}$ Information Security Practice and Experience Conference (ISPEC)",
  month = "April",
  year = "2005"
}

@inproceedings{pietraszek2004adaptive,
  title = {{Using Adaptive Alert Classification to Reduce False Positives in Intrusion Detection}},
  author = "Tadeusz Pietraszek",
  booktitle = "Proceedings of the Symposium on Recent Advances in Intrusion Detection (RAID)",
  month = "September",
  year = "2004"
}

@inproceedings{ioannidis2000firewall,
 title = {{Implementing a Distributed Firewall}},
 author = "Sotiris Ioannidis and Angelos D. Keromytis and Steven M. Bellovin and Jonathan M. Smith",
 booktitle = "Proceedings of the $7^{th}$ ACM International Conference on Computer and Communications Security (CCS)", 
 pages = {190-199},
 month = "November",
 year = "2000", 
 city = "Athens", 
 country = "Greece"
}

@inproceedings{handley2001normalization,
 title = {{Network Intrusion Detection: Evasion, Traffic Normalization, and End-to-End Protocol Semantics}},
 author = "Mark Handley and Vern Paxson and Christian Kreibich",
 booktitle = "Proceedings of the USENIX Security Conference",
 year = "2001"
}

@inproceedings{xu2002architecture,
  author = "J. Xu and Z. Kalbarczyk and S. Patel and R. Iyer",
  title = {{Architecture Support for Defending Against Buffer Overflow Attacks}},
  booktitle = "Proceedings of the $2^{nd}$ Workshop on Evaluating and Architecting System Dependability (EASY)",
  month = "October",
  year = "2002",
}

@inproceedings{mcgregor2004wassa,
 title = {{Protecting Cryptographic Keys and Computations via Virtual Secure Coprocessing}},
 author = "John P. McGregor and Ruby B. Lee",
 booktitle = "Proceedings of the Workshop on Architectural Support for Security and Anti-Virus (WASSA)",
 city = "Boston",
 state = "MA",
 month = "October",
 year = "2004"
}

@inproceedings{suh2004tainted,
 title = {{Secure Program Execution via Dynamic Information Flow Tracking}},
 author = "G. Edward Suh and J. W. Lee and D. Zhang and S. Devadas",
 booktitle = "Proceedings of the $11^{th}$ International Conference on Architectural Support for Programming Languages and Operating Systems (ASPLOS-XI)",
 month = "October",
 year = "2004"
}

@inproceedings{chen2003cerium,
 title = {{Certifying Program Execution with Secure Processors}},
 author = "Benjie Chen and Robert Morris",
 booktitle = "Proceedings of the $9^{th}$ Workshop on Hot Topics in Operating Systems",
 pages = {133--138},
 month = "May",
 year = "2003"
}

@inproceedings{patil1995shadow,
 title = {{Efficient Turn-time Monitoring Using Shadow Processing}},
 author = "H. Patil and C. N. Fischer",
 booktitle = "Proceedings of the $2^{nd}$ International Workshop on Automated and Algorithmic Debugging",
 year = "1995"
}

@article{small2000misfit,
 title = {{MiSFIT: A Tool for Constructing Safe Extensible C++ Systems}},
 author = "Christopher Small and Margo Seltzer",
 journal = "IEEE Concurrency",
 volume = "6",
 number = "3",
 pages = {33--41},
 year = "1998"
}

@inproceedings{oplinger2002specthreads,
 title = {{Enhancing Software Reliability with Speculative Threads}},
 author = "Jeffrey Oplinger and Monica S. Lam",
 booktitle = "Proceedings of the $10^{th}$ International Conference on Architectural Support for Programming Languages and Operating Systems(ASPLOS X)",
 month = "October",
 year = "2002"
}

@inproceedings{provos2002systrace,
  title = {{Improving Host Security with System Call Policies}},
  author = "Niels Provos",
  booktitle = "Proceedings of the 12th USENIX Security Symposium",
  pages = {207-225},
  month = "August",
  year = "2003"
}

@inproceedings{fraser99hardening,
  title = {{Hardening COTS Software with Generic Software Wrappers}},
  author = "Timothy Fraser and Lee Badger and Mark Feldman",
  booktitle = "Proceedings of the 1999 IEEE Symposium on Security and Privacy",
  year = "1999"
}

@inproceedings{reynolds2003hacqit,
  title = {{On-Line Intrusion Detection and Attack Prevention Using Diversity, Genrate-and-Test, and Generalization}},
  author = "James C. Reynolds and James Just and Larry Clough and Ryan Maglich",
  booktitle = "Proceedings of the $36^{th}$ Hawaii International Conference on System Sciences (HICSS)",
  year = "2003"
}

@inproceedings{forrest2000syscalldelays,
  title = {{Automated Response Using System-Call Delays}},
  author = "A. Somayaji and S. Forrest",
  booktitle = "Proceedings of the $9^{th}$ USENIX Security Symposium",
  month = "August",
  year = 2000
}

@inproceedings{forrest1997hotos,
  author = "S. Forrest and A. Somayaji and D. Ackley",
  title = {{Building Diverse Computer Systems}},
  booktitle = "Proceedings of the $6^{th}$ Workshop on Hot Topics in Operating Systems",
  pages = {67-72},
  year = "1997"
}

@inproceedings{holland2004wassa,
 title = {{An Architecture a Day Keeps The Hacker Away}},
 author = "David A. Holland and Ada T. Lim and Margo I. Seltzer",
 booktitle = "Proceedings of the Workshop on Architectural Support for Security and Anti-Virus (WASSA)",
 city = "Boston",
 state = "MA",
 month = "October",
 year = "2004"
}

@article{stelios2005sigarch,
 title = {{Hardware Support For Self-Healing Software Services}},
 author = "Stelios Sidiroglou and Michael E. Locasto and Angelos D. Keromytis",
 journal = "ACM SIGARCH Computer Architecture News",
 volume = "33",
 number = "1",
 pages = {42--47},
 city = "Boston",
 state = "MA",
 month = "March",
 year = "2005"
}

@inproceedings{stelios2004wassa,
 title = {{Hardware Support For Self-Healing Software Services}},
 author = "Stelios Sidiroglou and Michael E. Locasto and Angelos D. Keromytis",
 booktitle = "Proceedings of the Workshop on Architectural Support for Security and Anti-Virus (WASSA)",
 pages = {42--47},
 city = "Boston",
 state = "MA",
 month = "October",
 year = "2004"
}

@inproceedings{stelios2005usenix,
 title = {{Building a Reactive Immune System for Software Services}},
 author = "Stelios Sidiroglou and Michael E. Locasto and Stephen W. Boyd and Angelos D. Keromytis",
 booktitle = "Proceedings of the USENIX Annual Technical Conference",
 pages={149--161},
 month = "April",
 year = "2005"
}

@inproceedings{evers1998bpred,
 title = {{An Analysis of Correlation and Predictability: What Makes Two-Level Branch Predictors Work}},
 author = "Marius Evers and Sanjay J. Patel and Yale N. Patt",
 booktitle = "Proceedings of the $25^{th}$ International Symposium on Computer Architecture",
 month = "June",
 year = "1998"
}

@book{caaqa,
 title = {{Computer Architecture: A Quantitative Approach}},
 author = "John L. Hennessy and David A. Patterson",
 edition = "$3^{rd}$",
 publisher = "Morgan Kaufmann Publishers",
 year = "2003"
}

@inproceedings{kolesnikov2004blending,
  author = "Oleg Kolesnikov and Dave Dagon and Wenke Lee",
  title = {{Advanced Polymorphic Worms: Evading IDS by Blending in with Normal Traffic}},
  booktitle = "",
  month = "",
  year = "2004"
}

@inproceedings{pietraszk2004adaptive,
  author = "Tadeusz Pietraszek",
  title = {{Using Adaptive Alert Classification to Reduce False Positives in Intrusion Detection}},
  booktitle = "Proceedings of the 7th International Symposium on Recent Advances in Intrusion Detection(RAID)",
  pages = {102-124},
  month = "September",
  year = "2004"
}

@inproceedings{kewang2004payl,
  author = "Ke Wang and Salvatore J. Stolfo",
  title = {{Anomalous Payload-based Network Intrusion Detection}},
  booktitle = "Proceedings of the $7^{th}$ International Symposium on Recent Advances in Intrusion Detection (RAID)",
  pages = {203-222},
  month = "September",
  year = "2004"
}

@inproceedings{pointguard,
  title = {{PointGuard: Protecting Pointers From Buffer Overflow
  Vulnerabilities}},
  year = 2003,
  month = {August},
  author = {C. Cowan and S. Beattie and J. Johansen and P. Wagle},
  booktitle = {Proceedings of the 12th USENIX Security Symposium},
  pages = {91--104}
}

@inproceedings{addressrand2004,
  author = {H. Shacham and M. Page and B. Pfaff and E. Goh and N. Modadugu and Dan Boneh},
  title = {{On the Effectiveness of Address-Space Randomization}},
  year = 2004,
  month = {October},
  booktitle = {Proceedings of the $11^{th}$ ACM Conference on Computer and Communications Security (CCS)},
  pages = {298--307}
}

@inproceedings{softwarediversity2004,
  author = {A. J. O'Donnell and H. Sethu},
  title = {{On Achieving Software Diversity for Improved Network
  Security using Distributed Coloring Algorithms}},
  year = 2004,
  month = {October},
  booktitle = {Proceedings of the $11^{th}$ ACM Conference on Computer
  and Communications Security (CCS)},
  pages = {121--131}
}

@article{bufferoverflow2004,
  author = {J. Pincus and B. Baker},
  title = {{Beyond Stack Smashing: Recent Advances in Exploiting
  Buffer Overflows}},
  year = 2004,
  month = {July/August},
  volume = 2,
  number = 4,
  pages = {20--27},
  journal = {IEEE Security \& Privacy}
}

@inproceedings{boyd2004acns,
  author = "Stephen Boyd and Angelos Keromytis",
  title = {{SQLrand: Preventing SQL Injection Attacks}}, 
  booktitle = "Applied Cryptography and Network Security (ACNS)",
  year = "2004",
  month = "June",
  pages = {292--302}
}

@inproceedings{ybranches,
 title = {{Y-Branches: When You Come to a Fork in the Road, Take It}},
 author = "Nicholas Wang and Michael Fertig and Sanjay J. Patel",
 booktitle = "Proceedings of the $12^{th}$ International Conference on Parallel Architectures and Compilation Techniques",
 month = "September",
 year = "2003"
}

@inproceedings{rinard2004osdi,
  title = {{Enhancing Server Availability and Security Through Failure-Oblivious Computing}},
  author = "M. Rinard and C. Cadar and D. Dumitran and D. Roy and T. Leu and W Beebee, Jr.",
  booktitle = "Proceedings $6^{th}$ Symposium on Operating Systems Design and Implementation (OSDI)",
  month = "December",
  year = "2004"
}

@inproceedings{rinard2004dynamicmemerr,
  title = {{A Dynamic Technique for Eliminating Buffer Overflow Vulnerabilities (and Other Memory Errors)}},
  author = "Martin Rinard and Cristian Cadar and Daniel Dumitran and Daniel Roy and Tudor Leu",
  booktitle = "Proceedings $20^{th}$ Annual Computer Security Applications Conference (ACSAC) 2004",
  month = "December",
  year = "2004"
}

@inproceedings{crashonly,
 title = {{Crash-Only Software}},
 author = "George Candea and Armando Fox",
 booktitle = "Proceedings of the $9^{th}$ Workshop on Hot Topics in Operating Systems (HOTOS-IX)",
 month = "May",
 year = "2003"
}

@inproceedings{demsky2003oopsla,
  author = "Brian Demsky and Martin C. Rinard",
  title = {{Automatic Detection and Repair of Errors in Data Structures}},
  booktitle = "Proceedings of the 18th Annual ACM SIGPLAN Conference on Object Oriented Programming, Systems, Languages, and Applications",
  month = "October",
  year = "2003"
}

@inproceedings{demsky2003sms,
  author = "Brian Demsky and Martin C. Rinard",
  title = {{Automatic Data Structure Repair for Self-Healing Systems}},
  booktitle = "Proceedings of the $1^{st}$ Workshop on Algorithms and Architectures for Self-Managing Systems",
  month = "June",
  year = "2003"
}

@book{Java,
  title = "The Java Language Specification, Second Edition",
  author = "James Gosling and Bill Joy and Guy Steele and Gilad Bracha",
  year = "2000"
}

@inproceedings{rioadaptive,
  author = "Derek Bruening and Timothy Garnett and Saman Amarasinghe",
  title = "An Infrastructure for Adaptive Dynamic Optimization",
  booktitle = "Proceedings of the International Symposium on Code Generation and Optimization",
  pages = "265-275",
  year = "2003"
}

@inproceedings{propolice,
  author = "J. Etoh",
  title = {{GCC Extension for Protecting Applications From Stack-smashing Attacks}},
  booktitle = "http://www.trl.ibm.com/projects/security/ssp",
  month = "June",
  year = "2000"
}

@misc{cosak,
 author = "http://serg.cs.drexel.edu/cosak/index.shtml"
}

@inproceedings{wagner2000cert50,
  author = "D. Wagner and J. S. Foster and E. A. Brewer and A. Aiken",
  title = {{A First Step Towards Automated Detection of Buffer Overrun Vulnerabilities}},
  booktitle = "Proceedings of the ISOC Symposium on Network and Distributed System Security (NDSS)",
  pages = "3-17",
  month = "February",
  year = "2000"
}

@misc{rats,
    author = "RATS",
    howpublished = "\url{http://www.securesw.com/download_rats.htm}"
}

@misc{splint,
   author = "Splint",
   howpublished = "\url{http://www.splint.org}"
}

@inproceedings{devans2002splint,
   author = "David Evans and David Larochelle",
   title = {{Improving Security Using Extensible Lightweight Static Analysis}},
   booktitle = "IEEE Software",
   month = "January/February",
   year = "2002"
}

@misc{purify,
   author = "Purify",
   howpublished = "\url{http://www.rational.com/products/purify_unix/index.jtmpl}"
}
 
@misc{bochs,
  author = "Bochs",
  howpublished = "\url{http://bochs.sourceforge.net}",
  year = "2004"
}

@inproceedings{rio,
  title = {{On the Run -- Building Dynamic Program Modifiers for Optimization, Introspection, and Security}},
   author = "E. Duesterwald and S. P. Amarsinghe",
   booktitle = "Conference on Programming Language Design and Implementation (PLDI)",
   city = "Berlin",
   country = "Germany",
   year = "2002"
}

@inproceedings{barrantes2003randomized,
  author = "E. G. Barrantes and D. H. Ackley and S. Forrest and T. S. Palmer and D. Stefanovic and D. D. Zovi",
  title = {{Randomized Instruction Set Emulation to Distrupt Binary Code Injection Attacks}},
  booktitle = "Proceedings of the $10^{th}$ ACM Conference on Computer and Communications Security (CCS)",
  month = "October",
  year = "2003"
}

@inproceedings{gaurav2003,
  author = "Gaurav S. Kc and Angelos D. Keromytis and Vassilis Prevelakis",
  title = {{Countering Code-Injection Attacks With Instruction-Set Randomization}},
  booktitle = "Proceedings of the $10^{th}$ ACM Conference on Computer and Communications Security (CCS)",
  month = "October",
  year = "2003"
}

@inproceedings{xu2003trr,
 title = {{Transparent Runtime Randomization for Security}},
 author = "Jun Xu and Zbigniew Kalbarczyk and Ravishankar K. Iyer",
 booktitle = "Proceedings of the $22^{nd}$ International Symposium on Reliable Distributed Systems (SRDS)",
 year = "2003"
}

@inproceedings{barham2003xen,
  author = "P. Barham and B. Dragovic and K. Fraser and S. Hand and T. Harris and A. Ho and R. Neugebauer and I. Pratt and A. Warfield",
  title = {{Xen and the Art of Virtualization}},
  booktitle = "$19^{th}$ ACM Symposium on Operating Systems Principles (SOSP)",
  month = "October",
  year = "2003"
}

@inproceedings{lie2003untrusted,
  author = "David Lie and Chandramohan Thekkath and Mark Horowitz",
  title = {{Implementing an Untrusted Operating System on Trusted Hardware}},
  booktitle = "$19^{th}$ ACM Symposium on Operating Systems Principles (SOSP)",
  month = "October",
  year = "2003"
}

@inproceedings{stackguard,
  author = "C. Cowan and C. Pu and D. Maier and H. Hinton and J. Walpole and P. Bakke and S. Beattie and A. Grier and P. Wagle and Q. Zhang",
  title = {{Stackguard: Automatic Adaptive Detection and Prevention of Buffer-Overflow Attacks}},
  booktitle = "",
  year = "1998"
}

@inproceedings{garfinkel2003terra,
  author = "Tal Garfinkel and Ben Pfaff and Jim Chow and Mendel Rosenblum and Dan Boneh",
  title = {{Terra: A Virtual-Machine Based Platform for Trusted Computing}},
  booktitle = "$19^{th}$ ACM Symposium on Operating Systems Principles (SOSP)",
  month = "October",
  year = "2003"
}

@inproceedings{garfinkel2003trusted,
 title = {{Flexible OS Support and Applications for Trusted Computing}},
 author = "Tal Garfinkel and Mendel Rosenblum and Dan Boneh",
 booktitle = "Proceedings of the $9^{th}$ Workshop on Hot Topics in Operating Systems",
 pages = {145--150},
 month = "May",
 year = "2003"
}

@inproceedings{lie2003tamper,
  title = {{Specifying and Verifying Hardware for Tamper-Resistant Software}},
  author = "D. Lie and J. Mitchell and C. Thekkath and M. Horwitz",
  booktitle = "Proceedings of the IEEE Symposium on Security and Privacy",
  year = "2003"
}

@inproceedings{lie2000asplos,
  title = {{Architectural Support for Copy and Tamper Resistant Software}},
  author = "D. Lie and C. Thekkath and M. Mitchell and P. Lincoln",
  booktitle = "Proceedings of the $9^{th}$ International Conference on Architectural Support for Programming Languages and Operating Systems (ASPLOS IX)",
  year = "2000"
}

@inproceedings{rlee2003enlisting,
 title = {{Enlisting Hardware Architecture to Thwart Malicious Code Injection}},
 author = "Ruby B. Lee and David K. Karig and John P. McGregor and Zhijie Shi",
 booktitle = "Proceedings of the International Conference on Security in Pervasive Computing (SPC-2003), Lecture Notes in Computer Science, Springer Verlag",
 month = "March",
 year = "2003"
}

@inproceedings{king2003backtrack,
  author = "Samuel T. King and Peter M. Chen",
  title = {{Backtracking Intrusions}},
  booktitle = "$19^{th}$ ACM Symposium on Operating Systems Principles (SOSP)",
  month = "October",
  year = "2003"
}

@inproceedings{garfinkel2003vmid,
  author = "Tal Garfinkel and Mendel Rosenblum",
  title = {{A Virtual Machine Introspection Based Architecture for Intrusion Detection}},
  booktitle = "$10^{th}$ ISOC Symposium on Network and Distributed Systems Security (SNDSS)",
  month = "February",
  year = "2003"
}

@inproceedings{haugh2003overflow,
  author = "Eric Haugh and Matt Bishop",
  title = {{Testing C Programs for Buffer Overflow Vulnerabilities}},
  booktitle = "$10^{th}$ ISOC Symposium on Network and Distributed Systems Security (SNDSS)",
  month = "February",
  year = "2003"
}

@inproceedings{kiriansky2002shepherding,
  author = "V. Kiriansky and D. Bruening and S. Amarasinghe",
  title = {{Secure Execution Via Program Shepherding}},
  booktitle = "Proceedings of the $11^{th}$ USENIX Security Symposium",
  month = "August",
  year = "2002"
}

@inproceedings{libsafe,
   author = "A. Baratloo and Navjot Singh and Timothy Tsai",
   title = {{Transparent Run-Time Defense Against Stack Smashing Attacks}},
   booktitle = "Proceedings of the USENIX Annual Technical Conference",
   month = "June",
   year = "2000"
}

@inproceedings{stelios2003worm,
  author = "Stelios Sidiroglou and Angelos D. Keromytis",
  title = {{A Network Worm Vaccine Architecture}},
  booktitle = "Proceedings of the IEEE International Workshops on Enabling Technologies: Infrastructure for Collaborative Enterprises (WETICE), Workshop on Enterprise Security",
  pages = "220-225",
  month = "June",
  city = "Linz",
  country = "Austria",
  year = "2003"
}

@inproceedings{internetquarantine,
  title = {{Internet Quarantine: Requirements for Containing
  Self-Propagating Code}},
  author = {D. Moore and C. Shannon and G. Voelker and S. Savage},
  year = 2003,
  month = {April},
  booktitle = {Proceedings of the IEEE Infocom Conference}
}

@inproceedings{anagnostakis2003immunization,
  author = "Kostas Anagnostakis and Michael B. Greenwald and Sotiris Ioannidis and Angelos D. Keromytis and Dekai Li.",
  title = {{A Cooperative Immunization System for an Untrusting Internet}},
  booktitle = "Proceedings of the $11^{th}$ IEEE International Conference on Networks (ICON)",
  pages ="403-408",
  month = "October",
  year = "2003", 
  city = "Sydney",
  country = "Australia"
}

@inproceedings{valgrind,
  author = "Nicholas Nethercote and Julian Seward",
  title = {{Valgrind: A Program Supervision Framework}},
  booktitle = "Electronic Notes in Theoretical Computer Science",
  volume = "89",
  year = "2003"
}

@inproceedings{vmm02iwcw,
  author = "Amr Awadallah and Mendel Rosenblum",
  title = {{The vMatrix: A Network of Virtual Machine Monitors for Dynamic Content Distribution}},
  booktitle = "Proceedings of the 2002 IWIC",
  year = "2002"
}

@inproceedings{dunlap2002revirt,
  author = "G. W. Dunlap and S. King and S. Cinar and M. A. Basrai and P. M. Chen",
  title = {{ReVirt: Enabling Intrusion Analysis Through Virtual-Machine Logging and Replay}},
  booktitle = "Proceedings of the 2002 Symposium on Operating Systems Design and Implementation (OSDI)",
  month = "February",
  year = "2002"
}

@inproceedings{king2003covirt,
  author = "Samuel T. King and George Dunlap and Peter Chen",
  title = {{Operating System Support for Virtual Machines}},
  booktitle = "Proceedings of the General Track: USENIX Annual Technical Conference",
  month = "June",
  year = "2003"
}

@inproceedings{addressobfuscation,
  title = {{Address Obfuscation: an Efficient Approach to Combat a Broad Range of Memory Error Exploits}},
  year = 2003,
  month = {August},
  booktitle = {Proceedings of the $12^{th}$ USENIX Security Symposium},
  pages = {105--120},
  author = {S. Bhatkar and D. C. DuVarney and R. Sekar}
}

@techreport{locasto2004dnad,
 author = "Michael Locasto and Janak J. Parekh and Sal Stolfo and Angelos D. Keromytis and Tal Malkin and Vishal Misra",
 title = {{Collaborative Distributed Intrusion Detection}},
 number = {CUCS-012-04},
 institution = {Department of Computer Science, Columbia University},
 year = "2004"
}

@inproceedings{locasto2004camouflagefs,
 title = {{CamouflageFS: Increasing the Effective Key Length in Cryptographic Filesystems on the Cheap}},
 author = "Michael E. Locasto and Angelos D. Keromytis",
 booktitle = "Proceedings of the $2^{nd}$ Applied Cryptography and Network Security Conference (ACNS)",
 pages = {1--15},
 month = "June",
 year = "2004"
}

@article{hulme2003webedu,
 author={Michael Hulme and Michael Locasto},
 title = {Using the Web to Enhance and Transform Education},
 journal = {ACM Crossroads},
 volume = {10},
 number = {1},
 year = {2003},
 pages = {xx-yy},
 publisher = {ACM}
}

@article{locasto2002clay,
 author = {Michael Locasto and Michael Hulme and Ryan Gladysiweicz and Justin Tracy and Ursula Wolz},
 title = {{Clay: Synchronous Collaborative Interactive Environment}},
 journal = {The Journal of Computing in Small Colleges},
 volume = {17},
 number = {6},
 year = {2002}, 
 pages = {278--281},
 publisher = {The Consortium for Computing in Small Colleges}
}

@inproceedings{audick2001JDBAssist,
 author = {Alan Audick and Michael E. Locasto and David Pike},
 title = {{JDBAssist: Generating JavaBeans and Supporting 3-tier Enterprise Applications}},
 journal = {The Journal of Computing in Small Collegs},
 year = {2001},
 pages = {335--337},
 location = {Middlebury, Vermont, United States},
 publisher = {The Consortium for Computing in Small Colleges}
}

@inproceedings{sal2001pad,
  author = "Eleazar Eskin and Wenke Lee and Salvatore J. Stolfo",
  title = {{Modeling System Calls for Intrusion Detection with Dynamic Window Sizes}},
  booktitle = "In Proceedings of DARPA Information Survivabilty Conference and Exposition II (DISCEX II)",
  month = "June",
  year = "2001"
}

@inproceedings{XXX,
  author = "Anonymous Unknown",
  title = {{Unknown.}},
  booktitle = "Proceedings of the $1^{st}$ Unknown Conference (UKN)",
  pages = {0--1},
  month = "January",
  year = "0000"
}
